@misc{referencia01,
	author = {Bass, L. and  Weber, I. and Zhu, L.},
	title = {DevOps: A Software Architect's Perspective},
	year = {2015},
	howpublished = {Recuperado de  {http://bit.ly/2LdY6uH}},
	note = {Accedido 31-08-2019}
}
@misc{referencia02,
	author = {Huttermann, M},
	title = {DevOps for Developers},
	year = {2012},
	howpublished = {Recuperado de  {asd}},
	note = {Accedido 31-08-2019}
}
@misc{referencia03,
	author = {statista Research Department},
	title = {Extent of DevOps adoption by software developers worldwide in 2017 and 2018},
	year = {2018},
	howpublished = {Recuperado de  {http://bit.ly/2ZnCO6i}},
	note = {Accedido 31-08-2019}
}

@misc{referencia04,
	author={Maheta, H.},
	title = {What is DevOps and Why DevOps},
	year = {2018},
	howpublished = {Recuperado de {https://www.yudiz.com/welcome-devops-prevent-	defects/}},
	note = {Accedido 31-08-2019}
}
@misc{referencia05,
	author = {Angulo, J},
	title = {Entendiendo DevOps en 5 minutos},
	year = {2018},
	howpublished = {Recuperado {https://www.autentia.com/2018/08/17/entendiendo-devops-en-5-minutos/}},
	note = {Accedido 31-08-2019}
}




